@misc{VICE_2015, 
    url={https://www.vice.com/en/article/wnjwb4/the-myspace-worm-that-changed-the-internet-forever}, 
    journal={VICE}, 
    year={2015}, 
    month={Oct},
    author={Lorenzo Franceschi-Bicchierai},
    title={The MySpace Worm that Changed the Internet Forever}
}
@INPROCEEDINGS{1689197,
  author={Thommes, R.W. and Coates, M.J.},
  booktitle={2005 5th International Conference on Information Communications \& Signal Processing}, 
  title={Modeling Virus Propagation in Peer-to-Peer Networks}, 
  year={2005},
  volume={},
  number={},
  pages={981-985},
  keywords={Intelligent networks;Peer to peer computing;Differential equations;Computer viruses;Predictive models;Biological system modeling;Digital audio players;Steady-state;Computer worms;peer-to-peer networks;viruses;epidemiology},
  doi={10.1109/ICICS.2005.1689197}
}
@phdthesis{blackwood-brown2018,
  author = {Blackwood-Brown, Carlene G.},
  title = {An Empirical Assessment of Senior Citizensâ€™ Cybersecurity Awareness, Computer Self-Efficacy, Perceived Risk of Identity Theft, Attitude, and Motivation to Acquire Cybersecurity Skills},
  year = {2018},
  school = {Nova Southeastern University},
  type = {Doctoral dissertation},
  url = {https://nsuworks.nova.edu/gscis_etd/1047},
}
@misc{uscensus2022,
  title = {2022 United States Census},
  howpublished = {U.S. Census Bureau},
  year = {2022},
  note = {Official population count and demographic survey conducted by the U.S. Census Bureau},
  url = {https://www.census.gov/},
}



